<?xml version="1.0" encoding="UTF-8"?><collection xmlns="http://www.loc.gov/MARC21/slim"><record><leader>00450nam--2200145-i-4500</leader><controlfield tag="001">000043843</controlfield><controlfield tag="002">20161230</controlfield><controlfield tag="005">20170116001727</controlfield><controlfield tag="008">060222s1000------------r-----000-0-eng-d</controlfield><datafield ind1=" " ind2=" " tag="080"><subfield code="a">331:349.2</subfield></datafield><datafield ind1=" " ind2=" " tag="245"><subfield code="a">Studiul muncii. Principii metodologice generale. Uz intern. proiect</subfield></datafield><datafield ind1=" " ind2=" " tag="260"><subfield code="a">Bucuresti</subfield><subfield code="b">Minst.Muncii-inst.Central De Studiu Pentru Problemele Conducerii Economiei</subfield><subfield code="c">1969</subfield></datafield><datafield ind1=" " ind2=" " tag="300"><subfield code="a">1026 p</subfield></datafield><datafield ind1=" " ind2=" " tag="852"><subfield code="a">45514</subfield></datafield><datafield ind1=" " ind2=" " tag="CAT"><subfield code="a">SYS</subfield><subfield code="c">20170116</subfield><subfield code="h">001727</subfield></datafield></record></collection>